@article{pacchierotti2015cutaneous,
  title={Cutaneous Feedback of Fingertip Deformation and Vibration for Palpation in Robotic Surgery},
  author={Pacchierotti, Claudio and Prattichizzo, Domenico and Kuchenbecker, Katherine},
  year={2015},
  publisher={IEEE}
}