@incollection{pacchierotti2012two,
  title={Two finger grasping simulation with cutaneous and kinesthetic force feedback},
  author={Pacchierotti, Claudio and Chinello, Francesco and Malvezzi, Monica and Meli, Leonardo and Prattichizzo, Domenico},
  booktitle={Haptics: Perception, Devices, Mobility, and Communication},
  pages={373--382},
  year={2012},
  publisher={Springer}
}