@article{pacchierotti2014teleoperation,
  title={Teleoperation of steerable flexible needles by combining kinesthetic and vibratory feedback},
  author={Pacchierotti, Claudio and Abayazid, Momen and Misra, Sudip and Prattichizzo, Domenico},
  journal={Haptics, IEEE Transactions on},
  volume={7},
  number={4},
  pages={551--556},
  year={2014},
  publisher={IEEE}
}