@incollection{pacchierotti2012two,
  title={Two finger grasping simulation with cutaneous and kinesthetic force feedback},
  author={Pacchierotti, Claudio and Chinello, Francesco and Malvezzi, Monica and Meli, Leonardo and Prattichizzo, Domenico},
  booktitle={Haptics: Perception, Devices, Mobility, and Communication},
  pages={373--382},
  year={2012},
  publisher={Springer}
}

@article{pacchierotti2014teleoperation,
  title={Teleoperation of steerable flexible needles by combining kinesthetic and vibratory feedback},
  author={Pacchierotti, Claudio and Abayazid, Momen and Misra, Sudip and Prattichizzo, Domenico},
  journal={Haptics, IEEE Transactions on},
  volume={7},
  number={4},
  pages={551--556},
  year={2014},
  publisher={IEEE}
}

@article{pacchierotti2015cutaneous,
  title={Cutaneous Feedback of Fingertip Deformation and Vibration for Palpation in Robotic Surgery},
  author={Pacchierotti, Claudio and Prattichizzo, Domenico and Kuchenbecker, Katherine},
  year={2015},
  publisher={IEEE}
}

@article{weichert2013analysis,
  title={Analysis of the accuracy and robustness of the leap motion controller},
  author={Weichert, Frank and Bachmann, Daniel and Rudak, Bartholom{\"a}us and Fisseler, Denis},
  journal={Sensors},
  volume={13},
  number={5},
  pages={6380--6393},
  year={2013},
  publisher={Multidisciplinary Digital Publishing Institute}
}